% This file was created with JabRef 2.7.2.
% Encoding: Cp1252

@BOOK{Evensen2007,
  title = {Data Assimilation: The Ensemble Kalman Filter ()},
  publisher = {Springer},
  year = {2007},
  author = {G. Evensen},
  owner = {Boris},
  timestamp = {2012.03.20}
}

@ARTICLE{GomesThesis,
  author = {Gabriel Gomes},
  title = {Optimization and microsimulation of onramp metering for congested freeways.},
  journal = {PhD Thesis.},
  year = {2004}
}

@ARTICLE{Gomes2006,
  author = {Gabriel Gomes and Roberto Horowitz},
  title = {Optimal freeway ramp metering using the asymmetric cell transmission
	model},
  journal = {Transportation Research Part C},
  year = {2006},
  owner = {Boris},
  timestamp = {2012.04.09}
}

@ARTICLE{Greenshields1934,
  author = {B. D. Greenshields},
  title = {A study of traffic capacity},
  journal = {Proceedings of the 14th annual meeting of the Highway Research Board},
  year = {1934},
  owner = {Boris},
  timestamp = {2012.03.23}
}

@ARTICLE{Lebacque1996,
  author = {J. P. Lebacque},
  title = {The Godunov scheme and what it means for first order traffic flow
	models},
  journal = {13th International Symposium on Transportation and Traffic Theory},
  year = {1996},
  owner = {Boris},
  timestamp = {2012.03.20}
}

@ARTICLE{Ansorge1990,
  author = {R. Ansorge},
  title = {What does the entropy condition mean in traffic flow theory?},
  journal = {Transportation Research Part B: Methodological},
  year = {1990},
  owner = {Jerome},
  timestamp = {2012.03.26}
}

@BOOK{LeVeque1992,
  title = {Numerical Methods for Conservation Laws},
  publisher = {Birkhuser Basel},
  year = {1992},
  author = {R. J. LeVeque},
  owner = {Boris},
  timestamp = {2012.03.20}
}

@ARTICLE{Lighthill1955,
  author = {M. J. Lighthill and G. B. Whitham},
  title = {On Kinematic Waves. II. A Theory of Traffic Flow on Long Crowded
	Roads},
  journal = {Proceedings of the Royal Society of London. Series A, Mathematical
	and Physical Sciences},
  year = {1955},
  pages = {317-345},
  owner = {Boris},
  timestamp = {2012.03.20}
}

@ARTICLE{Richards1956,
  author = {P. I. Richards},
  title = {Shock Waves on the Highway},
  journal = {Operations Research},
  year = {1956},
  volume = {4},
  pages = {42-51},
  owner = {Boris},
  timestamp = {2012.03.20}
}

@ARTICLE{Strub2006,
  author = {I. S. Strub and A. M. Bayen},
  title = {Weak formulation of boundary conditions for scalar conservation laws:
	an application to highway traffic modeling},
  journal = {Int. J. Robust Nonlinear Control},
  year = {2006},
  owner = {Boris},
  timestamp = {2012.03.20}
}

@BOOK{Whitham1999,
  title = {Linear and nonlinear waves},
  publisher = {Wiley-Interscience},
  year = {1999},
  author = {G. B. Whitham},
  owner = {Boris},
  timestamp = {2012.03.25}
}

@ARTICLE{Work2008,
  author = {D. B. Work and A. M. Bayen},
  title = {Impacts of the mobile internet on transportation cyber-physical systems:
	Traffic monitoring using smartphones.},
  journal = {National Workshop for Research on High-Confidence Transportation
	Cyber-Physical Systems: Automotive, Aviation, \& Rail},
  year = {2008},
  owner = {Boris},
  timestamp = {2012.04.11}
}

@ARTICLE{Work2010,
  author = {D. B. Work and S. Blandin and O. Tossavainen and B. Piccoli and A.
	M. Bayen},
  title = {A Traffic Model for Velocity Data Assimilation},
  journal = {Applied Mathematics Research eXpress},
  year = {2010},
  owner = {Boris},
  timestamp = {2012.03.20}
}

@BOOK{Garavello2006,
  title = {Traffic Flow on Networks},
  publisher = {American Institute of Mathematical Sciences},
  year = {2006},
  author = {Mauro Garavello and Benedetto Piccoli},
  owner = {Boris},
  timestamp = {2012.03.28}
}

@BOOK{Godlewski1996,
  title = {Numerical approximation of hyperbolic systems of conservation laws},
  publisher = {Applied Mathematical Sciences},
  year = {1996},
  author = {Edwige Godlewski and Pierre-Arnaud Raviart},
  owner = {Boris},
  timestamp = {2012.03.28}
}

@ARTICLE{Godunov1959,
  author = {S.K. Godunov},
  title = {A finite difference method for the numerical computation of discontinuous
	solutions of the equations of fluid dynamics},
  year = {1959},
  owner = {Boris},
  timestamp = {2012.03.28}
}

@comment{jabref-meta: selector_review:}

@comment{jabref-meta: selector_publisher:}

@comment{jabref-meta: selector_author:}

@comment{jabref-meta: selector_journal:}

@comment{jabref-meta: selector_keywords:}
