% This file was created with JabRef 2.7.2.
% Encoding: Cp1252

@ARTICLE{Agyemang-Duah1991,
  author = {K. Agyemang-Duah and F. Hall},
  title = {Some issues regarding the numerical value of freeway capacity},
  journal = {International Symposium on Highway Capacity},
  year = {1991},
  owner = {Jerome},
  timestamp = {2012.03.24}
}

@BOOK{Anderson2005,
  title = {Optimal Filtering},
  publisher = {Dover Publications, Inc.},
  year = {2005},
  author = {B. D. O. Anderson and J. B. Moore},
  owner = {Jerome},
  timestamp = {2012.05.07}
}

@ARTICLE{Ansorge1990,
  author = {R. Ansorge},
  title = {What does the entropy condition mean in traffic flow theory?},
  journal = {Transportation Research Part B: Methodological},
  year = {1990},
  owner = {Jerome},
  timestamp = {2012.03.26}
}

@MANUAL{Board2000,
  title = {Highway Capacity Manual},
  author = {Transportation Research Board},
  organization = {National Research Council},
  year = {2000},
  owner = {Jerome},
  timestamp = {2012.03.23}
}

@ARTICLE{Cassidy1999,
  author = {M. Cassidy and R. Bertini},
  title = {Some traffic features at freeway bottlenecks},
  journal = {Transportation Research},
  year = {1999},
  owner = {Jerome},
  timestamp = {2012.03.24}
}

@ARTICLE{Castillo1994,
  author = {J. Del Castillo and P. Pintado and G. Benitez},
  title = {The reaction time of drivers and the stability of traffic flow},
  journal = {Transportation Research},
  year = {1994},
  owner = {Jerome},
  timestamp = {2012.03.25}
}

@ARTICLE{Chen2005,
  author = {C. Chen and P. Varaiya and J. Kwon},
  title = {An empirical assessment of traffic operations},
  journal = {International Symposium on Transportation and Traffic Theory},
  year = {2005},
  owner = {Jerome},
  timestamp = {2012.05.04}
}

@ARTICLE{Chen2000,
  author = {Rong Chen and Jun S. Liu},
  title = {Mixture Kalman filters},
  journal = {Royal Statistical Society},
  year = {2000},
  owner = {Jerome},
  timestamp = {2012.05.23}
}

@ARTICLE{Daganzo1995,
  author = {C. F. Daganzo},
  title = {The cell transmission model, part II: network traffic.},
  journal = {Transportation Research Part B 29, no. 2},
  year = {1995},
  owner = {Jerome},
  timestamp = {2012.03.20}
}

@ARTICLE{Daganzo1994,
  author = {C. F. Daganzo},
  title = {The cell transmission model: a dynamic representation of highway
	traffic consistent with the hydrodynamic theory.},
  journal = {Transportation Research Part B 28, no. 4},
  year = {1994},
  owner = {Jerome},
  timestamp = {2012.03.20}
}

@ARTICLE{Dervisoglu2008,
  author = {G. Dervisoglu and G. Gomes and J. Kwon and A. Muralidharan and Pravin
	Varaiya and R. Horowitz},
  title = {Automatic Calibration of the Fundamental Diagram and Empirical Observations
	on Capacity},
  journal = {88th Annual Meeting, January 2009, Transportation Research Board},
  year = {2008},
  owner = {Jerome},
  timestamp = {2012.05.08}
}

@BOOK{Evans1998,
  title = {Partial Differential Equations},
  publisher = {American Math Society},
  year = {1998},
  author = {L. C. Evans},
  owner = {Jerome},
  timestamp = {2012.03.20}
}

@BOOK{Evensen2007,
  title = {Data Assimilation: The Ensemble Kalman Filter ()},
  publisher = {Springer},
  year = {2007},
  author = {G. Evensen},
  owner = {Jerome},
  timestamp = {2012.03.20}
}

@BOOK{Garavello2006,
  title = {Traffic Flow on Networks},
  publisher = {American Institute of Mathematical Sciences},
  year = {2006},
  author = {Mauro Garavello and Benedetto Piccoli},
  owner = {Jerome},
  timestamp = {2012.03.28}
}

@BOOK{Godlewski1996,
  title = {Numerical approximation of hyperbolic systems of conservation laws},
  publisher = {Applied Mathematical Sciences},
  year = {1996},
  author = {Edwige Godlewski and Pierre-Arnaud Raviart},
  owner = {Jerome},
  timestamp = {2012.03.28}
}

@ARTICLE{Godunov1959,
  author = {S.K. Godunov},
  title = {A finite difference method for the numerical computation of discontinuous
	solutions of the equations of fluid dynamics},
  year = {1959},
  owner = {Jerome},
  timestamp = {2012.03.28}
}

@ARTICLE{Gomes2006,
  author = {Gabriel Gomes and Roberto Horowitz},
  title = {Optimal freeway ramp metering using the asymmetric cell transmission
	model},
  journal = {Transportation Research Part C},
  year = {2006},
  owner = {Jerome},
  timestamp = {2012.04.09}
}

@ARTICLE{Greenshields1934,
  author = {B. D. Greenshields},
  title = {A study of traffic capacity},
  journal = {Proceedings of the 14th annual meeting of the Highway Research Board},
  year = {1934},
  owner = {Jerome},
  timestamp = {2012.03.23}
}

@BOOK{Gruenbaum2003,
  title = {Convex Polytopes},
  publisher = {Springer},
  year = {2003},
  author = {Branko Grünbaum},
  owner = {Jerome},
  timestamp = {2012.07.24}
}

@ARTICLE{Hall1991,
  author = {F. Hall and K. Agyemang-Duah},
  title = {Freeway capacity drop and the definition of capacity},
  journal = {Transportation Research Record},
  year = {1991},
  owner = {Jerome},
  timestamp = {2012.03.24}
}

@ARTICLE{Hall1986,
  author = {F. Hall and B. Allen and M. Gunter},
  title = {Empirical Analysis of freeway flow-density relationships},
  journal = {Transportation Research},
  year = {1986},
  owner = {Jerome},
  timestamp = {2012.03.24}
}

@ARTICLE{Herrera2009,
  author = {J.-C. Herrera and D. B. Work and R. Herring and J. Ban and Q. Jacobson
	and A. M. Bayen},
  title = {Evaluation of traffic data obtained via GPS-enabled mobile phones:
	the Mobile Century experiment.},
  journal = {Transportation Research Part C},
  year = {2009},
  owner = {Jerome},
  timestamp = {2012.04.11}
}

@TECHREPORT{Hofleitner2011,
  author = {A. Hofleitner and R. Herring and A. Bayen},
  title = {A hydrodynamic theory based statistical model of arterial traffic},
  institution = {Institute of Transportation Studies UC Berkeley},
  year = {2011},
  owner = {Jerome},
  timestamp = {2012.03.28}
}

@ARTICLE{Hoh2008,
  author = {B. Hoh and M. Gruteser and R. Herring and J. Ban and D. Work and
	J.-C. Herrera and A. M. Bayen and M. Annavaram and Q. Jacobson},
  title = {Virtual trip lines for distributed privacy-preserving traffic monitoring.},
  journal = {6th International Conference on Mobile Systems, Applications, and
	Services},
  year = {2008},
  owner = {Jerome},
  timestamp = {2012.04.11}
}

@ARTICLE{Lebacque1996,
  author = {J. P. Lebacque},
  title = {The Godunov scheme and what it means for first order traffic flow
	models},
  journal = {13th International Symposium on Transportation and Traffic Theory},
  year = {1996},
  owner = {Jerome},
  timestamp = {2012.03.20}
}

@BOOK{LeVeque1992,
  title = {Numerical Methods for Conservation Laws},
  publisher = {Birkhäuser Basel},
  year = {1992},
  author = {R. J. LeVeque},
  owner = {Jerome},
  timestamp = {2012.03.20}
}

@ARTICLE{Lighthill1955,
  author = {M. J. Lighthill and G. B. Whitham},
  title = {On Kinematic Waves. II. A Theory of Traffic Flow on Long Crowded
	Roads},
  journal = {Proceedings of the Royal Society of London. Series A, Mathematical
	and Physical Sciences},
  year = {1955},
  pages = {317-345},
  owner = {Jerome},
  timestamp = {2012.03.20}
}

@ARTICLE{Munoz2003,
  author = {Laura Munoz and Xiaotian Sun and Roberto Horowitz and Luis Alvarez},
  title = {Traffic Density Estimation with the Cell Transmission Model},
  journal = {Proceedings of the American Control Conference},
  year = {2003},
  owner = {Jerome},
  timestamp = {2012.05.23}
}

@ARTICLE{Pipes1969,
  author = {L. Pipes},
  title = {Vehicle accelerations in the hydrodynamic theory of traffic flow},
  journal = {Transportation Research},
  year = {1969},
  owner = {Jerome},
  timestamp = {2012.03.26}
}

@ARTICLE{Richards1956,
  author = {P. I. Richards},
  title = {Shock Waves on the Highway},
  journal = {Operations Research},
  year = {1956},
  volume = {4},
  pages = {42-51},
  owner = {Jerome},
  timestamp = {2012.03.20}
}

@ARTICLE{Strub2006,
  author = {I. S. Strub and A. M. Bayen},
  title = {Weak formulation of boundary conditions for scalar conservation laws:
	an application to highway traffic modeling},
  journal = {Int. J. Robust Nonlinear Control},
  year = {2006},
  owner = {Jerome},
  timestamp = {2012.03.20}
}

@BOOK{Whitham1999,
  title = {Linear and nonlinear waves},
  publisher = {Wiley-Interscience},
  year = {1999},
  author = {G. B. Whitham},
  owner = {Jerome},
  timestamp = {2012.03.25}
}

@ARTICLE{Work2008,
  author = {D. B. Work and A. M. Bayen},
  title = {Impacts of the mobile internet on transportation cyber-physical systems:
	Traffic monitoring using smartphones.},
  journal = {National Workshop for Research on High-Confidence Transportation
	Cyber-Physical Systems: Automotive, Aviation, \& Rail},
  year = {2008},
  owner = {Jerome},
  timestamp = {2012.04.11}
}

@ARTICLE{Work2008a,
  author = {D. B. Work and A. M. Bayen and Q. Jacobson},
  title = {Automotive cyber-physical systems in the context of human mobility.},
  journal = {National Workshop on High-Confidence Automotive Cyber-Physical Systems},
  year = {2008},
  owner = {Jerome},
  timestamp = {2012.04.11}
}

@ARTICLE{Work2010,
  author = {D. B. Work and S. Blandin and O. Tossavainen and B. Piccoli and A.
	M. Bayen},
  title = {A Traffic Model for Velocity Data Assimilation},
  journal = {Applied Mathematics Research eXpress},
  year = {2010},
  owner = {Jerome},
  timestamp = {2012.03.20}
}

@comment{jabref-meta: selector_review:}

@comment{jabref-meta: selector_publisher:}

@comment{jabref-meta: selector_author:}

@comment{jabref-meta: selector_journal:}

@comment{jabref-meta: selector_keywords:}

